@INPROCEEDINGS{Barendregt92lambdacalculi,
    author = {Henk Barendregt},
    title = {Lambda Calculi with Types},
    booktitle = {HANDBOOK OF LOGIC IN COMPUTER SCIENCE},
    year = {1992},
    pages = {117--309},
    publisher = {Oxford University Press}
}

@Article{deBruijn:dummies,
  author = {Nicolas G. de~Bruijn},
  title = "{Lambda Calculus notation with nameless dummies: a tool for automatic formula manipulation}",
  journal = {Indagationes Mathematic{\ae}},
  year = {1972},
  volume = {34},
  pages = {381--392},
}

@article{DBLP:journals/toplas/PierceT00,
  author    = {Benjamin C. Pierce and David N. Turner},
  title     = {Local type inference},
  journal   = {{ACM} Trans. Program. Lang. Syst.},
  volume    = {22},
  number    = {1},
  pages     = {1--44},
  year      = {2000},
  url       = {http://doi.acm.org/10.1145/345099.345100},
  doi       = {10.1145/345099.345100},
  timestamp = {Wed, 26 Nov 2003 14:26:46 +0100},
  biburl    = {https://dblp.org/rec/bib/journals/toplas/PierceT00},
  bibsource = {dblp computer science bibliography, https://dblp.org}
}