@inproceedings{BrunelGMZ14,
  author    = {Alo{\"{\i}}s Brunel and
               Marco Gaboardi and
               Damiano Mazza and
               Steve Zdancewic},
  title     = {{A Core Quantitative Coeffect Calculus}},
  booktitle = {Programming Languages and Systems - 23rd European Symposium on Programming,
               {ESOP} 2014},
  pages     = {351--370},
  year      = 2014,
  url       = {http://dx.doi.org/10.1007/978-3-642-54833-8_19},
  doi       = {10.1007/978-3-642-54833-8_19},
  timestamp = {Sun, 23 Mar 2014 10:48:25 +0100},
  biburl    = {http://dblp.uni-trier.de/rec/bib/conf/esop/BrunelGMZ14},
  bibsource = {dblp computer science bibliography, http://dblp.org}
}

@inproceedings{GhicaS14,
  author    = {Dan R. Ghica and
               Alex I. Smith},
  title     = {Bounded Linear Types in a Resource Semiring},
  booktitle = {Programming Languages and Systems - 23rd European Symposium on Programming,
               {ESOP} 2014},
  pages     = {331--350},
  year      = {2014},
  url       = {http://dx.doi.org/10.1007/978-3-642-54833-8_18},
  doi       = {10.1007/978-3-642-54833-8_18},
  timestamp = {Sun, 23 Mar 2014 10:48:25 +0100},
  biburl    = {http://dblp.uni-trier.de/rec/bib/conf/esop/GhicaS14},
  bibsource = {dblp computer science bibliography, http://dblp.org}
}

@inproceedings{PetricekOM14,
  author    = {Tomas Petricek and
               Dominic A. Orchard and
               Alan Mycroft},
  title     = {Coeffects: a calculus of context-dependent computation},
  booktitle = {Proceedings of the 19th {ACM} {SIGPLAN} International Conference on
               Functional Programming, Gothenburg, Sweden, September 1-3, 2014},
  pages     = {123--135},
  year      = {2014},
  url       = {http://doi.acm.org/10.1145/2628136.2628160},
  doi       = {10.1145/2628136.2628160},
  timestamp = {Sun, 04 Jun 2017 10:05:10 +0200},
  biburl    = {http://dblp.uni-trier.de/rec/bib/conf/icfp/PetricekOM14},
  bibsource = {dblp computer science bibliography, http://dblp.org}
}

@article{ girard87linear,
    author = "Jean-Yves Girard",
    title = "Linear Logic",
    journal = "Theor. Comp. Sci.",
    volume = 50,
    pages = "1--101",
    year = 1987 }

@InProceedings{reed10distance,
  author =       {J. Reed and B. C. Pierce},
  title =        {Distance Makes the Types Grow Stronger},
  booktitle = {Proceeding of the 15th ACM SIGPLAN International Conference
               on Functional programming, ICFP 2010},
  year =      2010,
  editor =    {P. Hudak and S. Weirich},
  pages =     {157-168}}

@inproceedings{abadi99core,
  author    = {M. Abadi and
               A. Banerjee and
               N. Heintze and
               J. G. Riecke},
  title     = {{A Core Calculus of Dependency}},
  editor    = {A. W. Appel and
               A. Aiken},
  booktitle = {POPL '99, Proceedings of the 26th ACM SIGPLAN-SIGACT Symposium
               on Principles of Programming Languages, San Antonio, TX,
               USA, January 20-22, 1999},
  year      = 1999,
  pages     = {147-160},
  doi       = {10.1145/292540.292555},
}
